@article{de2004discovery,
  title={Discovery of meaningful associations in genomic data using partial correlation coefficients},
  author={De La Fuente, Alberto and Bing, Nan and Hoeschele, Ina and Mendes, Pedro},
  journal={Bioinformatics},
  volume={20},
  number={18},
  pages={3565--3574},
  year={2004},
  publisher={Oxford Univ Press}
}

@book{shipley2002cause,
  title={Cause and correlation in biology: a user's guide to path analysis, structural equations and causal inference},
  author={Shipley, Bill},
  year={2002},
  publisher={Cambridge University Press}
}
